@book{book:greenbaum,
  author = {Anne Greenbaum},
  year = {1997},
  title = {Iterative Methods for Solving Linear Systems},
  publisher = {Society for Industrial and Applied Mathematics}
}

@book{book:saad_sparse_linear,
  author = {Yousef Saad},
  year = {2003},
  title = {Iterative Methods for Sparse Linear Systems},
  publisher = {Society for Industrial and Applied Mathematics},
  edition = {2}
}

@book{book:trefethen,
  author = {Lloyd N. Trefethen and David Bau},
  year = {1997},
  title = {Numerical Linear Algebra},
  publisher = {Society for Industrial and Applied Mathematics},
  address = {Philadelphia},
  edition = {3}
}


@article{paper:cg_original,
  title={Methods of Conjugate Gradient for Solving Linear Systems},
  author={Magnus R. Hestenes and Eduard Stiefel},
  journal={Journal of Research of the Nat ional Bureau of Standards},
  volume={49},
  number={6},
  pages={409--436},
  year={1952},
  publisher={National Institute of Standards and Technology}
}

@article{paper:FOM,
  title={Krylov Subspace Methods for Solving Large Unsymmetric Linear Systems},
  author={Yousef Saad},
  journal={Mathematics of Computations},
  volume={37},
  number={155},
  pages={105--126},
  year={1981},
  publisher={American Mathematical Society}
}

@article{paper:SYMLQ,
  title={Solutions of Sparse Indefinite System of Linear Equations},
  author={C.C Paige and M. A. Saunder},
  journal={SIAM.J Numerical Analysis},
  volume={12},
  number={4},
  pages={617--629},
  year={1975},
  publisher={Society for Industrial and Applied Mathematics}
}


@misc{notes:painless_cg,
  author        = {Jonathan Richard Shewchuck},
  title         = {An Introduction to the Conjugate Gradient Method Without the Agonizing Pain},
  month         = {August},
  year          = {1994},
  publisher={School of Computer Science Carnegie Mellon University Pittsburgh}
}

@inproceedings{lesk:1977,
  title={Computer Typesetting of Technical Journals on {UNIX}},
  author={Michael Lesk and Brian Kernighan},
  booktitle={Proceedings of American Federation of
             Information Processing Societies: 1977
             National Computer Conference},
  pages={879--888},
  year={1977},
  address={Dallas, Texas}
}